@manual{kinsolguide,
	author = {Aaron M. Collier and Alan C. Hindmarsh and Radu Serban and Carol S. Woodward},
	title = {User Documentation for kinsol v4.1.0},
	date = {February 12, 2019},
	organization = {Center for Applied Scientific Computing Lawrence Livermore National Laboratory},
    url = {https://computing.llnl.gov/sites/default/files/public/kin_guide.pdf}
}
@manual{psblasguide,
	author = {S. Filippone and A. Buttari},
	title = {PSBLAS 3.6.1 User's guide},
	subtitle={A reference guide for the Parallel Sparse BLAS library},
	date = {May 31st, 2019},
	organization = {Cranfield University, Centre for Computational Engineering Sciences},
	url = {https://github.com/sfilippone/psblas3/blob/development/docs/psblas-3.6.pdf}
}
@manual{mld2p4guide,
	author = {P. D'Ambra and D. di Serafino and S. Filippone},
	title = {MLD2P4 User's and Reference Guide},
	subtitle={A guide for the MultiLevel Domain Decomposition Parallel Preconditioners Package based on PSBLAS},
	date = {July 31, 2018},
	organization = {Cranfield University, Centre for Computational Engineering Sciences},
	url = {https://github.com/sfilippone/mld2p4-2/blob/development/docs/mld2p4-2.2-guide.pdf}
}
@article {MR2738234,
	AUTHOR = {P. D'Ambra and D. di Serafino and S. Filippone},
	TITLE = {M{LD}2{P}4: a package of parallel algebraic multilevel domain
	decomposition preconditioners in {F}ortran 95},
	JOURNAL = {ACM Trans. Math. Software},
	FJOURNAL = {Association for Computing Machinery. Transactions on
	Mathematical Software},
	VOLUME = {37},
	YEAR = {2010},
	NUMBER = {3},
	PAGES = {Art. 30, 23},
	ISSN = {0098-3500},
	MRCLASS = {65N55 (65F08 65Y05)},
	MRNUMBER = {2738234},
	DOI = {10.1145/1824801.1824808},
	URL = {https://doi.org/10.1145/1824801.1824808},
}
